<?xml version="1.0" encoding="UTF-8"?>
<record xmlns="http://www.loc.gov/MARC21/slim">
   <leader>03065cam a2200457   4500</leader>
   <controlfield tag="001">291374</controlfield>
   <controlfield tag="003">NjP</controlfield>
   <controlfield tag="005">20190705140058.0</controlfield>
   <controlfield tag="008">850403m19509999le            001 0bara d</controlfield>
   <datafield tag="024" ind1="7" ind2=" ">
      <subfield code="a">princeton_aco004004</subfield>
      <subfield code="2">local</subfield>
   </datafield>
   <datafield ind1=" " ind2=" " tag="010">
      <subfield code="a">   59034985 </subfield>
   </datafield>
   <datafield ind1=" " ind2=" " tag="040">
      <subfield code="a">PUL</subfield>
      <subfield code="c">PUL</subfield>
      <subfield code="d">PUL</subfield>
   </datafield>
   <datafield ind1=" " ind2=" " tag="035">
      <subfield code="a">(CStRLIN)NJPG85-B7652</subfield>
   </datafield>
   <datafield ind1=" " ind2=" " tag="035">
      <subfield code="9">ABL6606TS</subfield>
   </datafield>
   <datafield ind1=" " ind2=" " tag="035">
      <subfield code="a">(NjP)291374</subfield>
   </datafield>
   <datafield ind1=" " ind2=" " tag="043">
      <subfield code="a">ma-----</subfield>
   </datafield>
   <datafield ind1=" " ind2=" " tag="049">
      <subfield code="a">PULL</subfield>
   </datafield>
   <datafield ind1=" " ind2=" " tag="035">
      <subfield code="a">(OCoLC)ocm19810110</subfield>
   </datafield>
   <datafield ind1="1" ind2=" " tag="100">
      <subfield code="6">880-01</subfield>
      <subfield code="a">Dāghir, Yūsuf Asʻad.</subfield>
   </datafield>
   <datafield ind1="1" ind2="0" tag="245">
      <subfield code="6">880-02</subfield>
      <subfield code="a">Maṣādir al-dirāsāt al-adabīyah,</subfield>
      <subfield code="b">wafqan li-manāhij al-taʻlīm al-rasmīyah. Lubnān, Sūriyā, al-ʻIrāq, Miṣr.</subfield>
   </datafield>
   <datafield ind1=" " ind2=" " tag="260">
      <subfield code="6">880-03</subfield>
      <subfield code="a">Ṣaydā, Lubnān,</subfield>
      <subfield code="b">Maṭbaʻat Dayr al-Mukhliṣ</subfield>
      <subfield code="c">[1950]-</subfield>
   </datafield>
   <datafield ind1=" " ind2=" " tag="300">
      <subfield code="a">v. ;</subfield>
      <subfield code="c">26 cm.</subfield>
   </datafield>
   <datafield ind1=" " ind2=" " tag="500">
      <subfield code="a">Vol. 1 has cover title: Éléments de bio-bibliographie de la littérature arabe, conforme aux programmes officiels de l'enseignement: Liban, Syrie, Iraq, Égypte; v. 3, cover title: Éléments de bio-bibliographie de la littérature arabe moderne.</subfield>
   </datafield>
   <datafield ind1=" " ind2=" " tag="500">
      <subfield code="6">880-04</subfield>
      <subfield code="a">Vols. 2-3 with subtitle: al-Fikr al-ʻArabī al-ḥadīth fī siyar aʻlāmih.</subfield>
   </datafield>
   <datafield ind1=" " ind2=" " tag="500">
      <subfield code="6">880-05</subfield>
      <subfield code="a">Vol. 2 has series statement: Manshūrāt Jamʻīyat Ahl al-Qalam fī Lubnān; v. 3- Manshūrāt al-Jāmiʻah al-Lubnānīyah, Qism al-dirāsāt al-adabīyah.</subfield>
   </datafield>
   <datafield ind1=" " ind2=" " tag="500">
      <subfield code="a">Vols. 2- published in Beirut.</subfield>
   </datafield>
   <datafield ind1=" " ind2=" " tag="500">
      <subfield code="a">Vol. 2 was not completed; cf. v. 3, pt. 1, author's pref., p. 15.</subfield>
   </datafield>
   <datafield ind1=" " ind2=" " tag="500">
      <subfield code="a">Includes indexes.</subfield>
   </datafield>
   <datafield ind1="0" ind2=" " tag="505">
      <subfield code="6">880-06</subfield>
      <subfield code="a">Juzʼ 1. Min al-ʻaṣr al-Jāhilī ilá ʻaṣr al-Nahdahi. Juzʼ 2. Qism 1. al-Rāḥiūn, 1800-1955. Juzʼ 3. al-Rāḥiūn, 1800-1972. Qism 1. Arslān-al-ʻAẓm. Qism 2. al-ʻAqqād-Yannī. 2v. Juzʼ 4. Aʻlām al-nahḍah, al-qarnān al-tāsiʻ ʻashar wa-al-ʻishrūn.</subfield>
   </datafield>
   <datafield ind1=" " ind2="0" tag="650">
      <subfield code="a">Arabic literature</subfield>
      <subfield code="x">Bio-bibliography.</subfield>
      <subfield code="0">http://id.loc.gov/authorities/subjects/sh2009115250</subfield>
   </datafield>
   <datafield ind1="1" ind2=" " tag="880">
      <subfield code="6">100-01/r</subfield>
      <subfield code="a">داغر، يوسف اسعد.</subfield>
   </datafield>
   <datafield ind1="1" ind2="0" tag="880">
      <subfield code="6">245-02/r</subfield>
      <subfield code="a">مصادر الدراسات الادبية،</subfield>
      <subfield code="b">وفقن لمناهج التعليم الرسمية. لبنان، سوريا، العراق، مصر.</subfield>
   </datafield>
   <datafield ind1=" " ind2=" " tag="880">
      <subfield code="6">260-03/r</subfield>
      <subfield code="a">صيدا، لبنان،</subfield>
      <subfield code="b">مطبعة دير المخلص</subfield>
      <subfield code="c">[1950]</subfield>
   </datafield>
   <datafield ind1=" " ind2=" " tag="880">
      <subfield code="6">500-04/r</subfield>
      <subfield code="a">Vols. 2-3 with subtitle: الفكر العربي الحديث في سير اعلامه.</subfield>
   </datafield>
   <datafield ind1=" " ind2=" " tag="880">
      <subfield code="6">500-05/r</subfield>
      <subfield code="a">Vol. 2 has series statement: منشورات جمعية اهل القلم في لبنان؛ v. 3- منشورات الجامعة اللبنانية، قسم الدراسات الادبية.</subfield>
   </datafield>
   <datafield ind1="0" ind2=" " tag="880">
      <subfield code="6">505-06/r</subfield>
      <subfield code="a">جزء 1. من العصر الجاهلي الى عصر النهده. جزء 2. قسم 1. الراحون، 1800-1955. جزء 3. الراحون، 1800-1972. قسم 1. ارسلانالعظم. قسم 2. العقاديني. 2v. جزء 4. اعلام النهضة، القرنان التاسع عشر والعشرون.</subfield>
   </datafield>
   <datafield ind1=" " ind2=" " tag="998">
      <subfield code="a">04/12/85</subfield>
      <subfield code="s">9125</subfield>
      <subfield code="n">NjP</subfield>
      <subfield code="w">DCLC5934985B</subfield>
      <subfield code="d">04/03/85</subfield>
      <subfield code="b">MT</subfield>
      <subfield code="i">850412</subfield>
      <subfield code="l">NJPG</subfield>
   </datafield>
   <datafield ind1=" " ind2=" " tag="948">
      <subfield code="a">CON PC1</subfield>
   </datafield>
   <datafield ind1=" " ind2=" " tag="911">
      <subfield code="a">19921028</subfield>
   </datafield>
   <datafield ind1=" " ind2=" " tag="912">
      <subfield code="a">19900822000000.0</subfield>
   </datafield>
   <datafield ind1=" " ind2=" " tag="994">
      <subfield code="a">C0</subfield>
      <subfield code="b">PUL</subfield>
   </datafield>
   <datafield ind1=" " ind2=" " tag="999">
      <subfield code="a">291374</subfield>
   </datafield>
   <datafield ind1=" " ind2=" " tag="979">
      <subfield code="a">(OCoLC)ocn175486233</subfield>
   </datafield>
   <datafield ind1="0" ind2="1" tag="852">
      <subfield code="0">318835</subfield>
      <subfield code="b">rcppa</subfield>
      <subfield code="t">1</subfield>
      <subfield code="h">PJ7521</subfield>
      <subfield code="i">.D3</subfield>
      <subfield code="x">tr fr arab</subfield>
   </datafield>
   <datafield ind1=" " ind2="0" tag="866">
      <subfield code="0">318835</subfield>
      <subfield code="a">juzʾ 1; juzʾ 2, qism 1; juzʾ 3, qism 1-2; juzʾ 4</subfield>
   </datafield>
   <datafield ind1=" " ind2="0" tag="866">
      <subfield code="0">318835</subfield>
      <subfield code="x">Add as: juzʾ, qism</subfield>
   </datafield>
   <datafield ind1=" " ind2=" " tag="959">
      <subfield code="a">2000-06-13 00:00:00 -0400</subfield>
   </datafield>
</record>
